@inproceedings{pompe,
  title={Byzantine ordered consensus without byzantine oligarchy},
  author={Zhang, Yunhao and Setty, Srinath and Chen, Qi and Zhou, Lidong and Alvisi, Lorenzo},
  booktitle={14th USENIX Symposium on Operating Systems Design and Implementation (OSDI 20)},
  pages={633--649},
  year={2020}
}

@inproceedings{omniledger,
  title={Omniledger: A secure, scale-out, decentralized ledger via sharding},
  author={Kokoris-Kogias, Eleftherios and Jovanovic, Philipp and Gasser, Linus and Gailly, Nicolas and Syta, Ewa and Ford, Bryan},
  booktitle={2018 IEEE symposium on security and privacy (SP)},
  pages={583--598},
  year={2018},
  organization={IEEE}
}

@inproceedings{elastico,
  title={A secure sharding protocol for open blockchains},
  author={Luu, Loi and Narayanan, Viswesh and Zheng, Chaodong and Baweja, Kunal and Gilbert, Seth and Saxena, Prateek},
  booktitle={Proceedings of the 2016 ACM SIGSAC conference on computer and communications security},
  pages={17--30},
  year={2016}
}

@inproceedings{rapidchain,
  title={Rapidchain: Scaling blockchain via full sharding},
  author={Zamani, Mahdi and Movahedi, Mahnush and Raykova, Mariana},
  booktitle={Proceedings of the 2018 ACM SIGSAC conference on computer and communications security},
  pages={931--948},
  year={2018}
}

@article{slimchain,
  title={SlimChain: Scaling blockchain transactions through off-chain storage and parallel processing},
  author={Xu, Cheng and Zhang, Ce and Xu, Jianliang and Pei, Jian},
  journal={Proceedings of the VLDB Endowment},
  volume={14},
  number={11},
  pages={2314--2326},
  year={2021},
  publisher={VLDB Endowment}
}

@inproceedings{kauri,
  title={Kauri: Scalable bft consensus with pipelined tree-based dissemination and aggregation},
  author={Neiheiser, Ray and Matos, Miguel and Rodrigues, Lu{\'\i}s},
  booktitle={Proceedings of the ACM SIGOPS 28th Symposium on Operating Systems Principles},
  pages={35--48},
  year={2021}
}

@inproceedings{chop,
  title={Chop chop: Byzantine atomic broadcast to the network limit},
  author={Camaioni, Martina and Guerraoui, Rachid and Monti, Matteo and Roman, Pierre-Louis and Vidigueira, Manuel and Voron, Gauthier},
  booktitle={18th USENIX Symposium on Operating Systems Design and Implementation (OSDI 24)},
  pages={269--287},
  year={2024}
}

@inproceedings{narwhal,
  title={Narwhal and tusk: a dag-based mempool and efficient bft consensus},
  author={Danezis, George and Kokoris-Kogias, Lefteris and Sonnino, Alberto and Spiegelman, Alexander},
  booktitle={Proceedings of the Seventeenth European Conference on Computer Systems},
  pages={34--50},
  year={2022}
}

@article{bullshark,
  title={Bullshark: The partially synchronous version},
  author={Spiegelman, Alexander and Giridharan, Neil and Sonnino, Alberto and Kokoris-Kogias, Lefteris},
  journal={arXiv preprint arXiv:2209.05633},
  year={2022}
}

@inproceedings{autobahn,
  title={Autobahn: Seamless high speed BFT},
  author={Giridharan, Neil and Suri-Payer, Florian and Abraham, Ittai and Alvisi, Lorenzo and Crooks, Natacha},
  booktitle={Proceedings of the ACM SIGOPS 30th Symposium on Operating Systems Principles},
  pages={1--23},
  year={2024}
}

@article{bgp,
  title={The Byzantine Generals Problem},
  author={LAMPORT, LESLIE and SHOSTAK, ROBERT and PEASE, MARSHALL},
  journal={ACM Transactions on Programming Languages and Systems},
  volume={4},
  number={3},
  pages={382--401},
  year={1982}
}